@ARTICLE {vicacPaper,
    author  = "Chen Cai and Yang Wang and Glenn Geers",
    title   = "Vehicle-to-infrastructure communication-based adaptive traffic signal control",
    journal = "IET Intelligent Transport Systems",
    year    = "2013"
}

@article{v2xPaper,
    author = "O. brandl",
    title = "V2X traffic management",
    journal = "Springer Verlag Wien",
    year = "2016"
}

@misc{gsma,
    author = "GSMA",
    title = "Cellular VehiCle-to-eVerything (C-V2X)"
}

@misc {dsrc,
    title = "Dedicated short-range communication (DSRC)",
    organization = "WhatIs.com",
    url = "https://whatis.techtarget.com/definition/dedicated-short-range-communication-DSRC",
    urlDate = "2019-11-03"
}