@ARTICLE{industryFourDesign,
    author = "Mario Hermann and Tobias Pentek and Boris Otto",
    title = "Design Principles for Industrie 4.0 Scenarios",
    journal = "Hawaii International Conference on System Sciences",
    volume = 49,
    year = 2016,
    pages = "3928-3937"
}

@ARTICLE{opcUaArt,
    author  = "Miriam Schleipen and Syed-Shiraz Gilani and Tino Bischoff and Julius Pfrommer",
    title   = "OPC UA \& Industrie 4.0 - enabling technology with high diversity and variability",
    journal = "Procedia Cirp 57.1",
    year    = 2016,
    pages   = "315-320"
}

@ARTICLE{iiotSurvey,
    author = "Li Da Xu and Wu He and Shancang Li",
    title = "Internet of Things in Industries: A Survey",
    journal = "IEEE  Transactions on industrial informatics",
    volume = 10,
    year = 2014,
    pages = "2233-2243"
}

@ARTICLE{adoptingOpcua,
    author = "Tom Hannelius",
    title = "Roadmap to adopting OPC UA",
    journal = "The International Conference on Industrial Informatics",
    year = 2008,
    pages = "756-761"
}

@MISC {opcuaAbb,
    author = "Stefan-Helmut Leitner and Wolfgang Mahnke",
    title = "OPC UA - Service-oriented Architecture for Industrial Applications",
    organization = "ABB Corporate Research Center"
}

@MISC {rpi1b,
    title = "Raspberry Pi 1 Model B+",
    organization = "Raspberry Pi Foundation",
    url = "https://www.raspberrypi.org/products/raspberry-pi-1-model-b-plus/",
    urldate = "2019-12-07"
}

@MISC {rpi3b,
    title = "Raspberry Pi 3 Model B+",
    organization = "Raspberry Pi Foundation",
    url = "https://www.raspberrypi.org/products/raspberry-pi-3-model-b-plus/",
    urldate = "2019-12-07"
}

@MISC {mbp13,
    title = "MacBook Pro (13-inch, 2017, Four Thunderbolt 3 ports) - Technical Specifications",
    organization = "Apple",
    url = "https://support.apple.com/kb/SP755",
    urldate = "2019-12-07"
}

@MISC {docker,
    title = "Docker documentation",
    author = "Docker Inc",
    url = "https://docs.docker.com/get-started/",
    urldate = "2019-12-07"
}

@MISC {freeopcua,
    title = "Opcua-asyncio",
    organization = "Freeopcua",
    url = "https://github.com/FreeOpcUa/opcua-asyncio",
    urldate = "2019-12-07"
}