@misc {icebreaker,
	author = "mindtools.com",
	title  = "Ice Breakers - Easing Group Contribution",
	url    = "https://www.mindtools.com/pages/article/newLDR_76.htm",
	urldate = "2020-02-10"
}

@book{agilProj,
	language = {swe},
	address = {Stockholm},
	author = {Gustavsson, Tomas, 1973-},
	keywords = {Projektledning; Personaladministration; Management},
	publisher = {Sanoma utbildning},
	isbn = {9789152340486},
	year = {2016},
	title = {Agil projektledning},
	edition = {Tredje upplagan.},
}

