@misc{opcfoundation,
    title = "Unified Architecture",
    organization = "OPC Foundation",
    url = "https://opcfoundation.org/about/opc-technologies/opc-ua/",
    urldate = "2019-09-29"
}

@misc {raspPi,
    title = "Raspberry PI",
    url = "https://www.raspberrypi.org/",
    urldate = "2019-09-29"
}

@ARTICLE {opcUaArt,
    author  = "Miriam Schleipen and Syed-Shiraz Gilani and Tino Bischoff and Julius Pfrommer",
    title   = "OPC UA \& Industrie 4.0 - enabling technology with high diversity and variability",
    journal = "Procedia Cirp 57.1",
    year    = "2016",
    pages   = "315-320"
}

@misc {opcSdk,
    title = "C++ Based OPC UA Client \& Server SDK (Bundle)",
    organization = "Unified automation",
    url = "https://www.unified-automation.com/products/server-sdk/c-ua-server-sdk.html",
    urldate = "2019-09-29"
}

@misc {docker,
    title = "Docker",
    organization = "docker",
    url = "https://www.docker.com/",
    urldate = "2019-09-29"
}

